@online{cs231n,
	author = "Fei-Fei Li and Justin Johnson and Serena Yeung",
	title = "cs231n - Lecture Slides",
	publisher = "Stanford University School of Engineering",
	year = "2017",
	url = "http://cs231n.stanford.edu/slides/2017/",
	urldate = {2020-06-01},
}

@online{eyesky,
	author="Manideep Kolla and Aniket Mandle and Apoorva Kumar",
	title="Eye in the sky",
	year= "2018",
	url="https://github.com/manideep2510/eye-in-the-sky",
	urldate={2020-06-01},
	note = "GitHub Page",
}

@online{iirs.about.history,
	url="https://www.iirs.gov.in/historyandobjectives",
	title="History|Indian Institute of Remote Sensing",
	urldate={2020-06-01},
}

@online{iirs.about.instiprof,
	url="https://www.iirs.gov.in/institute-profile",
	title="Indian Institute of Remote Sensing",
	urldate={2020-06-01},
}

@online{remotesensingwiki,
	url="https://en.wikipedia.org/wiki/Remote_sensing",
	title="Remote Sensing - Wikipedia",
	urldate={2020-06-01},
}

@misc{muruganandham2016semantic,
  title={Semantic segmentation of satellite images using deep learning},
  author={Muruganandham, Shivaprakash},
  year={2016}
}
